@InProceedings{Qin_2020_PR,
title = {U2-Net: Going Deeper with Nested U-Structure for Salient Object Detection},
author = {Qin, Xuebin and Zhang, Zichen and Huang, Chenyang and Dehghan, Masood and Zaiane, Osmar and Jagersand, Martin},
journal = {Pattern Recognition},
volume = {106},
pages = {107404},
year = {2020}
}
@misc{mit-saliency-benchmark,
  author       = {Zoya Bylinskii and Tilke Judd and Fr{\'e}do Durand and Aude Oliva and Antonio Torralba},
  title        = {MIT Saliency Benchmark},
  howpublished = {http://saliency.mit.edu/}
}
@article{salMetrics_Bylinskii,
    title    = {What do different evaluation metrics tell us about saliency models?},
    author   = {Zoya Bylinskii and Tilke Judd and Aude Oliva and Antonio Torralba and Fr{\'e}do Durand},
    journal  = {arXiv preprint arXiv:1604.03605},
    year     = {2016}
}

@inproceedings{wang2017learning,
  title={Learning to detect salient objects with image-level supervision},
  author={Wang, Lijun and Lu, Huchuan and Wang, Yifan and Feng, Mengyang and Wang, Dong and Yin, Baocai and Ruan, Xiang},
  booktitle={Proceedings of the IEEE Conference on Computer Vision and Pattern Recognition},
  pages={136--145},
  year={2017}
}
@article{kingma2014adam,
  title={Adam: A method for stochastic optimization},
  author={Kingma, Diederik P and Ba, Jimmy},
  journal={arXiv preprint arXiv:1412.6980},
  year={2014}
}

@inproceedings{li2014secrets,
  title={The secrets of salient object segmentation},
  author={Li, Yin and Hou, Xiaodi and Koch, Christof and Rehg, James M and Yuille, Alan L},
  booktitle={Proceedings of the IEEE Conference on Computer Vision and Pattern Recognition},
  pages={280--287},
  year={2014}
}

@article{li2016visual,
  title={Visual saliency detection based on multiscale deep CNN features},
  author={Li, Guanbin and Yu, Yizhou},
  journal={IEEE transactions on image processing},
  volume={25},
  number={11},
  pages={5012--5024},
  year={2016},
  publisher={IEEE}
}


@inproceedings{yang2013saliency,
  title={Saliency detection via graph-based manifold ranking},
  author={Yang, Chuan and Zhang, Lihe and Lu, Huchuan and Ruan, Xiang and Yang, Ming-Hsuan},
  booktitle={Proceedings of the IEEE conference on computer vision and pattern recognition},
  pages={3166--3173},
  year={2013}
}


@inproceedings{yan2013hierarchical,
  title={Hierarchical saliency detection},
  author={Yan, Qiong and Xu, Li and Shi, Jianping and Jia, Jiaya},
  booktitle={Proceedings of the IEEE conference on computer vision and pattern recognition},
  pages={1155--1162},
  year={2013}
}


@article{pan2009survey,
  title={A survey on transfer learning},
  author={Pan, Sinno Jialin and Yang, Qiang},
  journal={IEEE Transactions on knowledge and data engineering},
  volume={22},
  number={10},
  pages={1345--1359},
  year={2009},
  publisher={IEEE}
}
@InProceedings{Qin_2019_CVPR,
author = {Qin, Xuebin and Zhang, Zichen and Huang, Chenyang and Gao, Chao and Dehghan, Masood and Jagersand, Martin},
title = {BASNet: Boundary-Aware Salient Object Detection},
booktitle = {The IEEE Conference on Computer Vision and Pattern Recognition (CVPR)},
month = {June},
year = {2019}
}

@InProceedings{Pan_2017_SalGAN,
author = {Pan, Junting and Canton, Cristian and McGuinness, Kevin and O'Connor, Noel E. and Torres, Jordi and Sayrol, Elisa and Giro-i-Nieto, Xavier and},
title = {SalGAN: Visual Saliency Prediction with Generative Adversarial Networks},
booktitle = {arXiv},
month = {January},
year = {2017}
}

@InProceedings{Pan_2016_CVPR,
author = {Pan, Junting and Sayrol, Elisa and Giro-i-Nieto, Xavier and McGuinness, Kevin and O'Connor, Noel E.},
title = {Shallow and Deep Convolutional Networks for Saliency Prediction},
booktitle = {The IEEE Conference on Computer Vision and Pattern Recognition (CVPR)},
month = {June},
year = {2016}
}

@inproceedings{mlnet2016,
  author = {Cornia, Marcella and Baraldi, Lorenzo and Serra, Giuseppe and Cucchiara, Rita},
  title = {{A Deep Multi-Level Network for Saliency Prediction}},
  booktitle = {International Conference on Pattern Recognition (ICPR)},
  year = {2016}
}


@dataset{duan_huiyu_2019_2647418,
  author       = {Duan, Huiyu and
                  Zhai, Guangtao and
                  Min, Xiongkuo and
                  Che, Zhaohui and
                  Fang, Yi and
                  Yang, Xiaokang and
                  Gutiérrez, Jesús and
                  Le Callet, Patrick},
  title        = {{A Dataset of Eye Movements for the Children with 
                   Autism Spectrum Disorder}},
  month        = apr,
  year         = 2019,
  publisher    = {Zenodo},
  version      = {1.0.0},
  doi          = {10.5281/zenodo.2647418},
  url          = {https://doi.org/10.5281/zenodo.2647418}
}

@inproceedings{newell2016stacked,
  title={Stacked hourglass networks for human pose estimation},
  author={Newell, Alejandro and Yang, Kaiyu and Deng, Jia},
  booktitle={European conference on computer vision},
  pages={483--499},
  year={2016},
  organization={Springer}
}
