@INPROCEEDINGS{9191104,

  author={W. {Zhu} and G. {Zhai} and Z. {Han} and X. {Min} and T. {Wang} and Z. {Zhang} and X. {Yangand}},

  booktitle={2020 IEEE International Conference on Image Processing (ICIP)}, 

  title={A Multiple Attributes Image Quality Database for Smartphone Camera Photo Quality Assessment}, 

  year={2020},

  volume={},

  number={},

  pages={2990-2994},

  doi={10.1109/ICIP40778.2020.9191104}
 }
 
 @INPROCEEDINGS{9190832,

  author={Q. {Lu} and G. {Zhai} and W. {Zhu} and Y. {Zhu} and X. {Min} and X. -P. {Zhang} and H. {Yang}},

  booktitle={2020 IEEE International Conference on Image Processing (ICIP)}, 

  title={Automatic Region Selection For Objective Sharpness Assessment Of Mobile Device Photos}, 

  year={2020},

  volume={},

  number={},

  pages={106-110},

  doi={10.1109/ICIP40778.2020.9190832}}

@inproceedings{he2016deep,
  title={Deep residual learning for image recognition},
  author={He, Kaiming and Zhang, Xiangyu and Ren, Shaoqing and Sun, Jian},
  booktitle={Proceedings of the IEEE conference on computer vision and pattern recognition},
  pages={770--778},
  year={2016}
}

@article{simonyan2014very,
  title={Very deep convolutional networks for large-scale image recognition},
  author={Simonyan, Karen and Zisserman, Andrew},
  journal={arXiv preprint arXiv:1409.1556},
  year={2014}
}

@inproceedings{huang2017densely,
  title={Densely connected convolutional networks},
  author={Huang, Gao and Liu, Zhuang and Van Der Maaten, Laurens and Weinberger, Kilian Q},
  booktitle={Proceedings of the IEEE conference on computer vision and pattern recognition},
  pages={4700--4708},
  year={2017}
}

@article{Xie2016,
  title={Aggregated Residual Transformations for Deep Neural Networks},
  author={Saining Xie and Ross Girshick and Piotr Doll√°r and Zhuowen Tu and Kaiming He},
  journal={arXiv preprint arXiv:1611.05431},
  year={2016}
}

@inproceedings{yao2020convolutional,
  title={Convolutional Neural Networks Based on Residual Block for No-Reference Image Quality Assessment of Smartphone Camera Images},
  author={Yao, Chang and Lu, Yuri and Liu, Hang and Hu, Menghan and Li, Qingli},
  booktitle={2020 IEEE International Conference on Multimedia \& Expo Workshops (ICMEW)},
  pages={1--6},
  year={2020},
  organization={IEEE}
}

@article{pan2009survey,
  title={A survey on transfer learning},
  author={Pan, Sinno Jialin and Yang, Qiang},
  journal={IEEE Transactions on knowledge and data engineering},
  volume={22},
  number={10},
  pages={1345--1359},
  year={2009},
  publisher={IEEE}
}

@inproceedings{deng2009imagenet,
  title={Imagenet: A large-scale hierarchical image database},
  author={Deng, Jia and Dong, Wei and Socher, Richard and Li, Li-Jia and Li, Kai and Fei-Fei, Li},
  booktitle={2009 IEEE conference on computer vision and pattern recognition},
  pages={248--255},
  year={2009},
  organization={Ieee}
}

@article{srivastava2014dropout,
  title={Dropout: a simple way to prevent neural networks from overfitting},
  author={Srivastava, Nitish and Hinton, Geoffrey and Krizhevsky, Alex and Sutskever, Ilya and Salakhutdinov, Ruslan},
  journal={The journal of machine learning research},
  volume={15},
  number={1},
  pages={1929--1958},
  year={2014},
  publisher={JMLR. org}
}

@inproceedings{ying2020quality,
  title={Quality Difference Ranking Model For Smartphone Camera Photo Quality Assessment},
  author={Ying, Zefeng and Pan, Da and Shi, Ping},
  booktitle={2020 IEEE International Conference on Multimedia \& Expo Workshops (ICMEW)},
  pages={1--6},
  year={2020},
  organization={IEEE}
}
@article{kingma2014adam,
  title={Adam: A method for stochastic optimization},
  author={Kingma, Diederik P and Ba, Jimmy},
  journal={arXiv preprint arXiv:1412.6980},
  year={2014}
}
